@article{ChangRoberts79,
    author = {Chang, Ernest and Roberts, Rosemary},
    title = {An Improved Algorithm for Decentralized Extrema-Finding in Circular Configurations of Processes},
    year = {1979},
    issue_date = {May 1979},
    publisher = {Association for Computing Machinery},
    address = {New York, NY, USA},
    volume = {22},
    number = {5},
    issn = {0001-0782},
    url = {https://doi.org/10.1145/359104.359108},
    doi = {10.1145/359104.359108},
    journal = {Commun. ACM},
    month = may,
    pages = {281–283},
    numpages = {3}
}

@online{bonakdarpur,
    author = {Bonakdarpur, Borzoo},
    title = {Distributed Algorithms},
    subtitle = {Leader Election},
    url = {http://web.cs.iastate.edu/~borzoo/teaching/15/CAS769/lectures/week4.pdf},
    urldate = {2021-01-10}
}

@article{franklin82,
    author = {Franklin, Randolph},
    title = {On an Improved Algorithm for Decentralized Extrema Finding in Circular Configurations of Processors},
    year = {1982},
    issue_date = {May 1982},
    publisher = {Association for Computing Machinery},
    address = {New York, NY, USA},
    volume = {25},
    number = {5},
    issn = {0001-0782},
    url = {https://wrf.ecse.rpi.edu/p/14-cacm82-ring.pdf},
    doi = {10.1145/358506.358517},
    journal = {Commun. ACM},
    month = may,
    pages = {336–337},
    numpages = {2}
}

  


